@Article{Spark,
  author={Matei Zaharia and Mosharaf Chowdhury and Michael J. Franklin and Scott Shenker and Ion Stoica},
  title={Spark: Cluster Computing with Working Set},
  journal={University of California, Berkeley},
  year=2010,
  month={June},
  url={http://people.csail.mit.edu/matei/papers/2010/hotcloud_spark.pdf}
}

@Article{MapReduce,
  author={J. Dean and S. Ghemawat},
  title={MapReduce: Simplified data processing on large clusters},
  journal={Commun. ACM},
  year=208,
  url={https://static.googleusercontent.com/media/research.google.com/en//archive/mapreduce-osdi04.pdf}
}

@misc{webSpark,
    title = "{Apache Spark}",
    howpublished = "\url{http://spark.apache.org}",
    note = "Online; accessed 24 Jan 2017"
}